@article{sinkhorn1967,
  author = "Richard Sinkhorn and Paul, Knopp",
  journal = "Pacific J. Math.",
  title = "{Concerning Nonnegative Matrices and Doubly Stochastic Matrices}",
  year = 1967,
  month = may,
}

@misc{gurobi,
  author = "{Gurobi}",
  title = "{Gurobi Optimization}",
  howpublished = {\url{http://www.gurobi.com/}},
}

@misc{cplex,
  author = "{IBM}",
  title = "{CPLEX}",
  howpublished = {\url{http://www-01.ibm.com/software/commerce/optimization/cplex-optimizer/}},
}

@inproceedings{wang:hotnets,
  author = "Guohui Wang and David G. Andersen and Michael Kaminsky and Michael Kozuch and T. S. Eugene Ng and Konstantina Papagiannaki and Madeleine Glick and Lily Mummert",
  title = "{Your Data Center Is a Router: The Case for Reconfigurable Optical Circuit Switched Paths}",
  booktitle = "Proc.\ {ACM} HotNets-VIII",
  year = 2009,
  month = oct,
}

@inproceedings{traffic:imc10,
  author = "Theophilus Benson and Aditya Akella and David A. Maltz",
  title = "{Network Traffic Characteristics of Data Centers in the Wild}",
  booktitle = "Proc.\ {ACM} {IMC}",
  year = 2010,
  month = nov,
}

@inproceedings{dctcp:sigcomm10,
  author = "Mohammad Alizadeh and Albert Greenberg and David A. Maltz and Jitu Padhye and Parveen Patel and Balaji Prabhakar and Sudipta Sengupta and Murari Sridharan",
  title = "{Data Center TCP (DCTCP)}",
  booktitle = "Proc.\ {ACM} {SIGCOMM}",
  year = 2010,
  month = aug,
}

@inproceedings{mordia:hotnets12,
  author = "Nathan Farrington and George Porter and Yeshaiahu Fainman and George Papen and Amin Vahdat",
  title = "{Hunting Mice with Microsecond Circuit Switches}",
  booktitle = "Proc.\ {ACM} HotNets-XI",
  year = 2012,
  month = oct,
}

@inproceedings{mordia:sigcomm13,
  author = "George Porter and Richard Strong and Nathan Farrington and Alex Forencich and Pang-Chen Sun and Tajana Rosing and Yeshaiahu Fainman and George Papen and Amin Vahdat",
  title = "{Integrating Microsecond Circuit Switching into the Data Center}",
  booktitle = "Proc.\ {ACM} {SIGCOMM}",
  year = 2013,
  month = aug,
}

@inproceedings{bullet:conext13,
  author = "Rishi Kapoor and Alex C. Snoeren and Geoffrey M. Voelker and George Porter",
  title = "{Bullet Trains: A Study of NIC Burst Behavior at Microsecond Timescales}",
  booktitle = "Proc.\ {ACM} {CoNEXT}",
  year = 2013,
  month = dec,
}

@inproceedings{reactor:nsdi14,
  author = "He Liu and Feng Lu and Alex Forencich and Rishi Kapoor and Malveeka Tewari and Geoffrey M. Voelker and George Papen and Alex C. Snoeren and George Porter",
  title = "{Circuit Switching Under the Radar with REACToR}",
  booktitle = "Proc.\ {USENIX} {NSDI}",
  year = 2014,
  month = apr,
}

@inproceedings{helios:sigcomm10,
  author = "Nathan Farrington and George Porter and Sivasankar Radhakrishnan and Hamid Bazzaz and Vikram Subramanya and Yeshaiahu Fainman and George Papen and Amin Vahdat",
  title = "{Helios: A Hybrid Electrical/Optical Switch Architecture for Modular
Data Centers}",
  booktitle = "Proc.\ {ACM} {SIGCOMM}",
  year = 2010,
  month = aug,
}

@article{islip,
  author = "Nick McKeown",
  title = "{The iSLIP Scheduling Algorithm for Input-Queued Switches}",
  journal = "{IEEE} Trans. Networking",
  year = 1999,
  month = apr,
}

@article{dally,
  author = "Brian Towles and William J. Dally",
  title = "{Guaranteed Scheduling for Switches with Configuration Overhead}",
  journal = "{IEEE} Trans. Networking",
  year = 2003,
  month = oct,
}

@article{inukai,
  author = "Thomas Inukai",
  title = "{An Efficient SS/TDMA Time Slot Assignment Algorithm}",
  journal = "{IEEE} Trans. Comms.",
  year = 1979,
  month = oct,
}

@article{gopal,
  author = "Inder S. Gopal and C. K. Wong",
  title = "{Minimizing the Number of Switchings in a SS/TDMA System}",
  journal = "{IEEE} Trans. Comms.",
  year = 1985,
  month = jun,
}  

@article{hamdi,
  author = "Xin Li and Mounir Hamdi",
  title = "{On Scheduling Optical Packet Switches with Reconfiguration Delay}",
  journal = "{IEEE} {JSAC}",
  year = 2003,
  month = sep,
}

@article{giaccone,
  author = "Paolo Giaccone and Balaji Prabhakar and Devavrat Shah",
  title = "{Randomized Scheduling Algorithms for High-Aggregate Bandwidth Switches}",
  journal = "{IEEE} J. Sel. Areas in Comms.",
  year = 2003,
  month = may,
}

@inproceedings{qlef,
  author = "Bin Wu and Kwan L. Yeung",
  title = "{Minimum Delay Scheduling in Scalable Hybrid Electronic/Optical Packet Switches}",
  booktitle = "{IEEE} {GLOBECOM}",
  year = 2006,
  month = nov,
}

@inproceedings{srf,
  author = "Bin Wu and Kwan L. Yeung and Xin Wang",
  title = "{Improving Scheduling Efficiency for High-Speed Routers with Optical Switch Fabrics}",
  booktitle = "{IEEE} {GLOBECOM}",
  year = 2006,
  month = nov,
}

@inproceedings{msft-imc09,
  author = "Srikanth Kandula and Sudipta Sengupta and Albert Greenberg and Parveen Patel and Ronnie Chaiken",
  title = "{The Nature of Data Center Traffic: Measurements \& Analysis}",
  booktitle = "Proc.\ {ACM} {IMC}",
  year = 2009,
  month = nov,
}

@inproceedings{c-Through,
  author = "Guohui Wang and David G. Andersen and Michael Kaminsky and Konstantina Papagiannaki and T. S. Eugene Ng and Michael Kozuch and Michael Ryan",
  title = "{c-Through: Part-time Optics in Data Centers}",
  booktitle = "Proc.\ {ACM} {SIGCOMM}",
  year = 2010,
  month = aug,
}

@inproceedings{Flyways,
  author = "Srikanth Kandula and Jitendra Padhye and Paramvir Bahl",
  title = "{Flyways To De-Congest Data Center Networks}",
  booktitle = "Proc.\ {ACM} HotNets-VIII",
  year = 2009,
  month = oct,
}

@inproceedings{mirror-mirror,
  author = "Xia Zhou and Zengbin Zhang and Yibo Zhu and Yubo Li and Saipriya Kumar and Amin Vahdat and Ben Y. Zhao and Haitao Zheng",
  title = "{Mirror Mirror on the Ceiling: Flexible Wireless Links for Data Centers}",
  booktitle = "Proc.\ {ACM} {SIGCOMM}",
  year = 2012,
  month = aug,
}

@inproceedings{augmenting-dc-wireless,
  author = "Daniel Halperin and Srikanth Kandula and Jitendra Padhye and Paramvir Bahl and David Wetherall",
  title = "{Augmenting Data Center Networks with Multi-gigabit Wireless Links}",
  booktitle = "Proc.\ {ACM} {SIGCOMM}",
  year = 2011,
  month = aug,
}

@inproceedings{OSA,
  author = "Kai Chen and Ankit Singla and Atul Singh and Kishore Ramachandran and Lei Xu and Yueping Zhang and Xitao Wen",
  title = "{OSA: An Optical Switching Architecture for Data Center Networks and Unprecedented Flexibility}",
  booktitle = "Proc.\ {USENIX} {NSDI}",
  year = 2012,
  month = apr,
}

@article{bvn,
  author = "Garrett Birkhoff",
  title = "{Tres Observaciones Sobre el Algebra Lineal}",
  journal = "Univ. Nac. Tucum\'{a}n Rev. Ser. A",
  year = 1946,
}

@inproceedings{reg,
  author = "Ashish Goel and Michael Kapralov and Sanjeev Khanna",
  title = "{Perfect Matchings in $O(n \log n)$ Time in Regular Bipartite Graphs}",
  booktitle = "{ACM} {STOC}",
  year = 2013,
  month = jun,
}

@inproceedings{reg2,
  author = "Alexander Schrijver",
  title = "{Bipartite Edge-Colouring in {$O(\Delta m)$} Time}",
  booktitle = "{SIAM} J. Computing",
  year = 1998,
  month = sep,
}

@inproceedings{stuff, 
  author = "Cheng-Shang Chang and Wen-Jyh Chen and Hsiang-Yi Huang",
  title = "{Birkhoff-von Neumann Input Buffered Crossbar Wwitches}",
  booktitle = "Proc.\ {IEEE} {INFOCOM}",
  year = 2000,
  month = mar,
}

@article{rooks,
  author ="J. Haglund and J.B. Remmel",
  title ="{Rook Theory for Perfect Matchings}",
  journal = "Advances in Applied Math.",
  year = 2001,
  month = aug,
}

@article{Strasser2010,
  author = "T. A. Strasser and J. L. Wagener",
  title = "{Wavelength-Selective Switches for ROADM Applications}",
  journal = "{IEEE} J. Sel. Top. Quantum Elect.",
  year = 2010,
  month = jul,
}
  
@article{Ford1998,
  author = "Joseph E. Ford and James A. Walker and Dennis S. Greywall and Keith W. Goossen",
  title = {Micromechanical Fiber-Optic Attenuator with 3 $\mu$second Response},
  journal = "J. Lightwave Tech.",
  year = 1998,
  month = sep,
}

@inproceedings{Zortman2012,
  author = "William Zortman and Anthony Lentine and Douglas Trotter and Michael Watts",
  title = "{Integrated CMOS Compatible Low Power 10Gbps Silicon Photonic
   Heater-Modulator}",
  booktitle = "Proc.\ {(OFC/NFOEC)}",
  year = 2012,
  month = mar,
}

@article{Yang2011,
  author = "Min Yang and William M. J. Green and Solomon Assefa and Joris Van Campenhout and Benjamin G. Lee and Christopher V. Jahnes and Fuad E. Doany and Clint L. Schow and Jeffrey A. Kash and Yurii A. Vlasov",
  title = "{Non-Blocking $4\times4$ Electro-Optic Silicon Switch for On-Chip Photonic Networks}",
  journal = "Optics Express",
  year = 2011,
  month = jan,
}

@inproceedings{DIRC-wireless,
  author = "Xi Liu and Anmol Sheth and Michael Kaminsky and Konstantina Papagiannaki and Srinivasan Seshan and Peter Steenkiste",
  title = "{DIRC: Increasing Indoor Wireless Capacity Using Directional Antennas}",
  booktitle = "Proc.\ {ACM} {SIGCOMM}",
  year = 2009,
  month = oct,
}

@inproceedings{Mobisteer,
  author = "Vishnu Navda and Anand Prabhu Subramanian and Kannan Dhanasekaran and Andreas Timm-Giel and Samir Das",
  title = "{MobiSteer: Using Steerable Beam Directional Antenna for Vehicular Network Access}",
  booktitle = "Proc.\ {ACM} {MobiSyS}",
  year = 2007,
  month = jun,
}

@misc{glimmerglass,
  key = {glimmerglass},
  title = "{Glimmerglass Intelligent Optical System 500}",
  howpublished = "\url{http://www.glimmerglass.com/products/intelligent-optical-system-500/}"
}

@article{flowshop2,
  author = "M. Tandon and P.T. Cummings and M.D. LeVan",
  title = "{Flowshop Sequencing with Non-Permutation Schedules}",
  journal = "Comp. \& Chem. Eng.",
  year = 1991,
  month = aug,
}

@article{flowshop,
  author = "Quan-Ke Pan and Ruben Ruiz",
  title = "{A Comprehensive Review and Evaluation of Permutation Flowshop Heuristics to Minimize Flowtime}",
  journal = "Comp. \& Op. Research",
  year = 2013,
  month = jan,
}

@inproceedings{dcswitch,
  author = "Shu Fu and Bin Wu and Xiaohong Jiang and Pattavina, A. and Lei Zhang and Shizhong Xu", 
  title = "{Cost and Delay Tradeoff in Three-Stage Switch Architecture for Data Center Networks}",
  booktitle = "Proc.\ {IEEE} High Perf. Switching and Routing",
  year = 2013,
  month = jul,
}

@inproceedings{facebook:sigcomm15,
  author = "Arjun Roy and Hongyi Zeng and Jasmeet Bagga and George Porter and Alex C. Snoeren",
  title = "{Inside the Social Network's (Datacenter) Network}",
  booktitle = "Proc.\ {ACM} {SIGCOMM}",
  year = 2015,
  month = aug,
} 
